@article{Nti20,
    author = {Isaac Kofi Nti and Moses Teimeh and Owusu Nyarko‐Boateng and Adebayo Felix Adekoya},
    title = {Electricity load forecasting: a systematic review},
    journal = {Journal of Electrical Systems and Information Technology},
    year = {2020},
    doi = {10.1186/s43067-020-00021-8},
}

@article{Yin17,
    author = {Wenpeng Yin and Katharina Kann and Mo Yu and Hinrich Schütze},
    title = {Comparative Study of {CNN} and {RNN} for Natural Language Processing},
    journal = {arXiv.org},
    year = {2017},
}

@article{Gao23,
    author = {Jinggeng Gao and Kun Wang and Xiaohua Kang and Huan Li and Shibin Chen},
    title = {Ultra-short-term electricity load forecasting based on improved random forest algorithm},
    journal = {AIP Advances},
    year = {2023},
    doi = {10.1063/5.0153550},
}

@article{Chung22,
    author = {Jaewon Chung and Beakcheol Jang},
    title = {Accurate prediction of electricity consumption using a hybrid {CNN-LSTM} model based on multivariable data},
    journal = {PLoS ONE},
    year = {2022},
    doi = {10.1371/journal.pone.0278071},
}

@misc{Olah15,
    author = {Christopher Olah},
    title = {Understanding {LSTM} Networks},
    year = {2015},
    note = {colah's blog},
    url = {https://colah.github.io/posts/2015-08-Understanding-LSTMs/},
}

@article{Chung14,
    author = {Junyoung Chung and Caglar Gulcehre and KyungHyun Cho and Yoshua Bengio},
    title = {Empirical Evaluation of Gated Recurrent Neural Networks on Sequence Modeling},
    journal = {arXiv.org},
    year = {2014},
}

@inproceedings{Zien09,
    author = {Alexander Zien and Nicole Krämer and Sören Sonnenburg and Gunnar Rätsch},
    editor = {Wray Buntine and Marko Grobelnik and Dunja Mladenić and John Shawe-Taylor},
    title = {The Feature Importance Ranking Measure},
    booktitle = {Machine Learning and Knowledge Discovery in Databases},
    year = {2009},
    publisher = {Springer Berlin Heidelberg},
    address = {Berlin, Heidelberg},
    pages = {694--709},
    isbn = {978-3-642-04174-7},
}

@inproceedings{Wojtas20,
    author = {Maksymilian Wojtas and Ke Chen},
    title = {Feature Importance Ranking for Deep Learning},
    booktitle = {Advances in Neural Information Processing Systems},
    editor = {H. Larochelle and M. Ranzato and R. Hadsell and M.F. Balcan and H. Lin},
    pages = {5105--5114},
    publisher = {Curran Associates, Inc.},
    volume = {33},
    year = {2020},
    url = {https://proceedings.neurips.cc/paper_files/paper/2020/file/36ac8e558ac7690b6f44e2cb5ef93322-Paper.pdf},
}

@misc{Hogg101,
    author = {Greg Hogg},
    title = {{LSTM} Time Series Forecasting},
    year = {2021},
    date = {2021-10-04},
    organization = {Google Colab},
    url = {https://colab.research.google.com/drive/1HxPsJvEAH8L7XTmLnfdJ3UQx7j0o1yX5?usp=sharing},
}

@misc{Hogg102,
    author = {Greg Hogg},
    title = {Multivariate Time Series Forecasting Using {LSTM, GRU and 1d CNNs}},
    year = {2021},
    date = {2021-10-08},
    organization = {Google Colab},
    url = {https://colab.research.google.com/drive/1b3CUJuDOmPmNdZFH3LQDmt5F0K3FZhqD?usp=sharing},
}

@article{Hoepner21,
  title={Significance, relevance and explainability in the machine learning age: an econometrics and financial data science perspective},
  author={Hoepner, Andreas G. F. and McMillan, David and Vivian, Andrew and Simen, Chardin Wese},
  journal={The European Journal of Finance},
  volume={27},
  number={1-2},
  pages={1--7},
  year={2021},
  publisher={Taylor \& Francis},
  doi={10.1080/1351847X.2020.1847725},
}

@book{Korstanje21,
  title     = {Advanced Forecasting with Python: With State-of-the-Art Models Including LSTMs, Facebook’s Prophet, and Amazon’s DeepAR},
  author    = {Joos Korstanje},
  year      = {2021},
  publisher = {Apress},
  isbn      = {978-1-4842-7149-0},
  doi       = {10.1007/978-1-4842-7150-6},
}
